<?xml version="1.0" encoding="UTF-8"?><collection xmlns="http://www.loc.gov/MARC21/slim"><record><leader>00337nam--2200121-i-4500</leader><controlfield tag="001">000043990</controlfield><controlfield tag="002">20161230</controlfield><controlfield tag="005">20161230201044</controlfield><controlfield tag="008">060222s1000------------r-----000-0-eng-d</controlfield><datafield ind1=" " ind2=" " tag="080"><subfield code="a">001.815</subfield></datafield><datafield ind1=" " ind2=" " tag="245"><subfield code="a">Tezaur pentru indexarea coordonata in domeniul documentarii si biblioteconomiei</subfield></datafield><datafield ind1=" " ind2=" " tag="260"><subfield code="a">Bucuresti, I.D.T., 1965, 124p</subfield></datafield><datafield ind1=" " ind2=" " tag="852"><subfield code="a">28132</subfield></datafield></record></collection>